
# parametrized PDEs
@book{hesthaven2016certified,
  title={Certified reduced basis methods for parametrized partial differential equations},
  author={Hesthaven, Jan S and Rozza, Gianluigi and Stamm, Benjamin and others},
  volume={590},
  year={2016},
  publisher={Springer}
}

@book{quarteroni2015reduced,
  title={Reduced basis methods for partial differential equations: an introduction},
  author={Quarteroni, Alfio and Manzoni, Andrea and Negri, Federico},
  volume={92},
  year={2015},
  publisher={Springer}
}

## Reduced-order methods
@article{lucia2004reduced,
  title={Reduced-order modeling: new approaches for computational physics},
  author={Lucia, David J and Beran, Philip S and Silva, Walter A},
  journal={Progress in aerospace sciences},
  volume={40},
  number={1-2},
  pages={51--117},
  year={2004},
  publisher={Elsevier}
}

@article{maday2006reduced,
  title={Reduced basis method for the rapid and reliable solution of partial differential equations},
  author={Maday, Yvon},
  year={2006}
}

# RB extraction
# POD
@article{liang2002proper,
  title={Proper orthogonal decomposition and its applications-Part I: Theory},
  author={Liang, YC and Lee, HP and Lim, SP and Lin, WZ and Lee, KH and Wu, CG},
  journal={Journal of Sound and vibration},
  volume={252},
  number={3},
  pages={527--544},
  year={2002},
  publisher={Elsevier}
}
# Proper Generalized Decomposition
@article{chinesta2011short,
  title={A short review on model order reduction based on proper generalized decomposition},
  author={Chinesta, Francisco and Ladeveze, Pierre and Cueto, Elias},
  journal={Archives of Computational Methods in Engineering},
  volume={18},
  number={4},
  pages={395},
  year={2011},
  publisher={Springer}
}
#  Matrix Interpolation
@article{panzer2010parametric,
  title={Parametric model order reduction by matrix interpolation},
  author={Panzer, Heiko and Mohring, Jan and Eid, Rudy and Lohmann, Boris},
  journal={at-Automatisierungstechnik},
  volume={58},
  number={8},
  pages={475--484},
  year={2010}
}
#Piecewise Tangential Interpolation
@inproceedings{gallivan2002model,
  title={Model reduction via tangential interpolation},
  author={Gallivan, Kyle and Vandendorpe, Antoine and Van Dooren, Paul},
  booktitle={MTNS 2002 (15th Symp. on the Mathematical Theory of Networks and Systems)},
  pages={6},
  year={2002}
}

# Loewner framework and several greedy-based approaches
@article{billaud2017dynamical,
  title={Dynamical model reduction method for solving parameter-dependent dynamical systems},
  author={Billaud-Friess, Marie and Nouy, Anthony},
  journal={SIAM Journal on Scientific Computing},
  volume={39},
  number={4},
  pages={A1766--A1792},
  year={2017},
  publisher={SIAM}
}

@inproceedings{lappano2016greedy,
  title={A greedy sampling approach for the projection basis construction in parametric model order reduction for structural dynamics models},
  author={Lappano, Ettore and Naets, Frank and Desmet, Wim and Mundo, Domenico and Nijman, Eugene},
  booktitle={Proceedings of ISMA},
  pages={19--21},
  year={2016}
}

@article{hesthaven2014efficient,
  title={Efficient greedy algorithms for high-dimensional parameter spaces with applications to empirical interpolation and reduced basis methods∗},
  author={Hesthaven, Jan S and Stamm, Benjamin and Zhang, Shun},
  journal={ESAIM: Mathematical Modelling and Numerical Analysis},
  volume={48},
  number={1},
  pages={259--283},
  year={2014},
  publisher={EDP Sciences}
}

## POD-G
@article{rowley2004model,
  title={Model reduction for compressible flows using POD and Galerkin projection},
  author={Rowley, Clarence W and Colonius, Tim and Murray, Richard M},
  journal={Physica D: Nonlinear Phenomena},
  volume={189},
  number={1-2},
  pages={115--129},
  year={2004},
  publisher={Elsevier}
}

@article{wang2020recurrent,
  title={Recurrent neural network closure of parametric POD-Galerkin reduced-order models based on the Mori-Zwanzig formalism},
  author={Wang, Qian and Ripamonti, Nicol{\`o} and Hesthaven, Jan S},
  journal={Journal of Computational Physics},
  pages={109402},
  year={2020},
  publisher={Elsevier}
}


@article{deane1991low,
  title={Low-dimensional models for complex geometry flows: application to grooved channels and circular cylinders},
  author={Deane, AE and Kevrekidis, IG and Karniadakis, G Em and Orszag, SA},
  journal={Physics of Fluids A: Fluid Dynamics},
  volume={3},
  number={10},
  pages={2337--2354},
  year={1991},
  publisher={American Institute of Physics}
}

# PODG-diffculity
@inproceedings{huang2018challenges,
  title={Challenges in reduced order modeling of reacting flows},
  author={Huang, Cheng and Duraisamy, Karthik and Merkle, Charles},
  booktitle={2018 Joint Propulsion Conference},
  pages={4675},
  year={2018}
}

@article{iollo2000stability,
  title={Stability properties of POD--Galerkin approximations for the compressible Navier--Stokes equations},
  author={Iollo, Angelo and Lanteri, St{\'e}phane and D{\'e}sid{\'e}ri, J-A},
  journal={Theoretical and Computational Fluid Dynamics},
  volume={13},
  number={6},
  pages={377--396},
  year={2000},
  publisher={Springer}
}

## Black-box methods
# RBF
@article{chen2018greedy,
  title={Greedy nonintrusive reduced order model for fluid dynamics},
  author={Chen, Wang and Hesthaven, Jan S and Junqiang, Bai and Qiu, Yasong and Yang, Zhang and Tihao, Yang},
  journal={AIAA Journal},
  volume={56},
  number={12},
  pages={4927--4943},
  year={2018},
  publisher={American Institute of Aeronautics and Astronautics}
}

@article{walton2013reduced,
  title={Reduced order modelling for unsteady fluid flow using proper orthogonal decomposition and radial basis functions},
  author={Walton, S and Hassan, O and Morgan, K},
  journal={Applied Mathematical Modelling},
  volume={37},
  number={20-21},
  pages={8930--8945},
  year={2013},
  publisher={Elsevier}
}

@article{xiao2015non,
  title={Non-intrusive reduced-order modelling of the Navier--Stokes equations based on RBF interpolation},
  author={Xiao, D and Fang, F and Pain, C and Hu, G},
  journal={International Journal for Numerical Methods in Fluids},
  volume={79},
  number={11},
  pages={580--595},
  year={2015},
  publisher={Wiley Online Library}
}

# ANN
@article{hesthaven2018non,
  title={Non-intrusive reduced order modeling of nonlinear problems using neural networks},
  author={Hesthaven, Jan S and Ubbiali, Stefano},
  journal={Journal of Computational Physics},
  volume={363},
  pages={55--78},
  year={2018},
  publisher={Elsevier}
}

# GPR
@article{guo2019data,
  title={Data-driven reduced order modeling for time-dependent problems},
  author={Guo, Mengwu and Hesthaven, Jan S},
  journal={Computer methods in applied mechanics and engineering},
  volume={345},
  pages={75--99},
  year={2019},
  publisher={Elsevier}
}

## PINN
@article{raissi2020hidden,
  title={Hidden fluid mechanics: Learning velocity and pressure fields from flow visualizations},
  author={Raissi, Maziar and Yazdani, Alireza and Karniadakis, George Em},
  journal={Science},
  volume={367},
  number={6481},
  pages={1026--1030},
  year={2020},
  publisher={American Association for the Advancement of Science}
}
@article{raissi2019physics,
  title={Physics-informed neural networks: A deep learning framework for solving forward and inverse problems involving nonlinear partial differential equations},
  author={Raissi, Maziar and Perdikaris, Paris and Karniadakis, George E},
  journal={Journal of Computational Physics},
  volume={378},
  pages={686--707},
  year={2019},
  publisher={Elsevier}
}
@article{mao2020physics,
  title={Physics-informed neural networks for high-speed flows},
  author={Mao, Zhiping and Jagtap, Ameya D and Karniadakis, George Em},
  journal={Computer Methods in Applied Mechanics and Engineering},
  volume={360},
  pages={112789},
  year={2020},
  publisher={Elsevier}
}





## Activation
@article{ramachandran2017searching,
  title={Searching for activation functions},
  author={Ramachandran, Prajit and Zoph, Barret and Le, Quoc V},
  journal={arXiv preprint arXiv:1710.05941},
  year={2017}
}

## Chebyshev pseudospectral
@article{chen2018multidomain,
  title={A multidomain multigrid pseudospectral method for incompressible flows},
  author={Chen, Wenqian and Ju, Yaping and Zhang, Chuhua},
  journal={Numerical Heat Transfer, Part B: Fundamentals},
  volume={74},
  number={1},
  pages={415--431},
  year={2018},
  publisher={Taylor \& Francis}
}

@article{chen2020parallel,
  title={A parallel inverted dual time stepping method for unsteady incompressible fluid flow and heat transfer problems},
  author={Chen, Wenqian and Ju, Yaping and Zhang, Chuhua},
  journal={Computer Physics Communications},
  pages={107325},
  year={2020},
  publisher={Elsevier}
}
@article{chen2020collocated,
  title={A collocated-grid spectral difference method for compressible flows},
  author={Chen, Wenqian and Ju, Yaping and Zhang, Chuhua},
  journal={Computers \& Fluids},
  volume={196},
  pages={104341},
  year={2020},
  publisher={Elsevier}
}

@book{peyret2013spectral,
  title={Spectral methods for incompressible viscous flow},
  author={Peyret, Roger},
  volume={148},
  year={2013},
  publisher={Springer Science \& Business Media}
}

@article{zhang2010explicit,
  title={An explicit Chebyshev pseudospectral multigrid method for incompressible Navier--Stokes equations},
  author={Zhang, Wei and Zhang, CH and Xi, Guang},
  journal={Computers \& Fluids},
  volume={39},
  number={1},
  pages={178--188},
  year={2010},
  publisher={Elsevier}
}

## Schmidt–Eckart–Young theorem
@article{eckart1936approximation,
  title={The approximation of one matrix by another of lower rank},
  author={Eckart, Carl and Young, Gale},
  journal={Psychometrika},
  volume={1},
  number={3},
  pages={211--218},
  year={1936},
  publisher={Springer}
}

## Reduction of nonaffine terms
@article{barrault2004empirical,
  title={An ‘empirical interpolation’method: application to efficient reduced-basis discretization of partial differential equations},
  author={Barrault, Maxime and Maday, Yvon and Nguyen, Ngoc Cuong and Patera, Anthony T},
  journal={Comptes Rendus Mathematique},
  volume={339},
  number={9},
  pages={667--672},
  year={2004},
  publisher={Elsevier}
}

@article{chaturantabut2010nonlinear,
  title={Nonlinear model reduction via discrete empirical interpolation},
  author={Chaturantabut, Saifon and Sorensen, Danny C},
  journal={SIAM Journal on Scientific Computing},
  volume={32},
  number={5},
  pages={2737--2764},
  year={2010},
  publisher={SIAM}
}

@article{everson1995karhunen,
  title={Karhunen--Loeve procedure for gappy data},
  author={Everson, Richard and Sirovich, Lawrence},
  journal={JOSA A},
  volume={12},
  number={8},
  pages={1657--1664},
  year={1995},
  publisher={Optical Society of America}
}

@article{astrid2008missing,
  title={Missing point estimation in models described by proper orthogonal decomposition},
  author={Astrid, Patricia and Weiland, Siep and Willcox, Karen and Backx, Ton},
  journal={IEEE Transactions on Automatic Control},
  volume={53},
  number={10},
  pages={2237--2251},
  year={2008},
  publisher={IEEE}
}

## Remove singularity of lid corner

@article{phillips1993treatment,
  title={The treatment of spurious pressure modes in spectral incompressible flow calculations},
  author={Phillips, Timothy N and Roberts, Gareth W},
  journal={Journal of Computational Physics},
  volume={105},
  number={1},
  pages={150--164},
  year={1993},
  publisher={Elsevier}
}

@article{pinelli1994chebyshev,
  title={Chebyshev collocation method and multidomain decomposition for the incompressible Navier-Stokes equations},
  author={Pinelli, Alfredo and Vacca, Andrea},
  journal={International journal for numerical methods in fluids},
  volume={18},
  number={8},
  pages={781--799},
  year={1994},
  publisher={Wiley Online Library}
}

@article{shen1991hopf,
  title={Hopf bifurcation of the unsteady regularized driven cavity flow},
  author={Shen, Jie},
  journal={Journal of Computational Physics},
  volume={95},
  number={1},
  pages={228--245},
  year={1991},
  publisher={Elsevier}
}

## ACM
@article{clausen2013entropically,
  title={Entropically damped form of artificial compressibility for explicit simulation of incompressible flow},
  author={Clausen, Jonathan R},
  journal={Physical Review E},
  volume={87},
  number={1},
  pages={013309},
  year={2013},
  publisher={APS}
}

## Adam
@article{kingma2014adam,
  title={Adam: A method for stochastic optimization},
  author={Kingma, Diederik P and Ba, Jimmy},
  journal={arXiv preprint arXiv:1412.6980},
  year={2014}
}

## feature scaling
@article{ioffe2015batch,
  title={Batch normalization: Accelerating deep network training by reducing internal covariate shift},
  author={Ioffe, Sergey and Szegedy, Christian},
  journal={arXiv preprint arXiv:1502.03167},
  year={2015}
}
